@misc{wiki:gis,
	author = "Wikipedia",
	title = "Sistema de información geográfica --- Wikipedia {,} La enciclopedia libre",
	year = "2018",
	url = {https://es.wikipedia.org/wiki/Sistema_de_informaci%C3%B3n_geogr%C3%A1fica},
	note = "[Internet; descargado 10-mayo-2019]"
}

@misc{wiki:postgresql,
	author="Wikipedia",
	title ="PostgreSQL --- Wikipedia {;} La enciclopedia libre",
	year = "2018",
	url = "https://es.wikipedia.org/wiki/PostgreSQL",
	note = "[Internet; descargado 10-mayo-2019]"
}

@book{koza92,
		author    = "Koza, John R.",
		title     = "Genetic Programming: On the Programming of Computers by Means of Natural Selection",
		publisher = "MIT Press",
		year      = "1992"
}


@misc{ wiki:latex,
       author = "Wikipedia",
       title = "LaTeX --- Wikipedia{,} La enciclopedia libre",
       year = "2015",
       url = "https://es.wikipedia.org/w/index.php?title=LaTeX&oldid=84209252",
       note = "[Internet; descargado 30-septiembre-2015]"
}


@article{bortolot2005,
  title={Estimating forest biomass using small footprint LiDAR data: An individual tree-based approach that incorporates training data},
  author={Bortolot, Zachary J and Wynne, Randolph H},
  journal={ISPRS Journal of Photogrammetry and Remote Sensing},
  volume={59},
  number={6},
  pages={342--360},
  year={2005},
  publisher={Elsevier}
}



