@book{koza92,
		author    = "Koza, John R.",
		title     = "Genetic Programming: On the Programming of Computers by Means of Natural Selection",
		publisher = "MIT Press",
		year      = "1992"
}


@misc{ wiki:latex,
       author = "Wikipedia",
       title = "LaTeX --- Wikipedia{,} La enciclopedia libre",
       year = "2015",
       url = "https://es.wikipedia.org/w/index.php?title=LaTeX&oldid=84209252",
       note = "[Internet; descargado 30-septiembre-2015]"
}

@misc{wiki:gis,
	author = "Wikipedia",
	title = "Sistema de información geográfica --- Wikipedia {,} La enciclopedia libre",
	year = "2018",
	url = {https://es.wikipedia.org/wiki/Sistema_de_informaci%C3%B3n_geogr%C3%A1fica},
	note = "[Internet; descargado 10-mayo-2019]"
}

@misc{manual:postgis,
	author="PostGIS Project",
	title="PostGIS 3.0.0alpha3dev Manual",
	year="2019",
	url="https://postgis.net/docs/manual-dev/",
	note="[Internet; descargado 27-junio-2019]"
}

@misc{wiki:postgresql,
	author="Wikipedia",
	title ="PostgreSQL --- Wikipedia {;} La enciclopedia libre",
	year = "2018",
	url = "https://es.wikipedia.org/wiki/PostgreSQL",
	note = "[Internet; descargado 10-mayo-2019]"
}

@misc{wiki:TSP,
	author="Wikipedia",
	title="Problema del viajante --- Wikipedia {;} La enciclopedia libre",
	year = "2018",
	url = "https://es.wikipedia.org/wiki/Problema_del_viajante",
	note = "[Internet; descargado 26-junio-2019]"
}

@misc{wiki:KP,
	author="Wikipedia",
	title="Problema de la mochila --- Wikipedia {;} La enciclopedia libre",
	year = "2018",
	url = "https://es.wikipedia.org/wiki/Problema_de_la_mochila",
	note = "[Internet; descargado 26-junio-2019]"
}

@misc{wiki:scrum,
	author="Wikipedia",
	title="Scrum (desarrollo de software)",
	year="2018",
	url="https://es.wikipedia.org/wiki/Scrum_(desarrollo_de_software)",
	note="[Internet; descargado 26-junio-2019]"
}

@misc{wiki:osmosis,
	author="OpenStreetMaps",
	title="Osmosis",
	year="2019",
	url="https://wiki.openstreetmap.org/wiki/Osmosis",
	note="[Internet; descargado 27-junio-2019]"
}

@misc{wiki:osm2po,
	author="osm2po",
	title="osm2po-core",
	year="2019",
	url="https://osm2po.de/",
	note="[Internet; descargado 28-junio-2019]"
}

@misc{wiki:osm2pgsql,
	author="OpenStreetMaps",
	title="Osm2pgsql",
	year="2019",
	url="https://wiki.openstreetmap.org/wiki/Osm2pgsql",
	note="[Internet; descargado 28-junio-2019]"
}

@misc{wiki:osmForum,
	author="OpenStreetMaps",
	title="OpenStreetMaps Forum",
	year="2019",
	url="https://forum.openstreetmap.org",
	note="[Internet; descargado 30-Agosto-2019]"}
	
@misc{wiki:opHours,
	author="OpenStreetMaps",
	title="OpenStreetMaps - opening hours",
	year="2019",
	url="https://wiki.openstreetmap.org/wiki/Key:opening_hours",
	note="[Internet; descargado 03-Septiembre-2019]"
}

@misc{wiki:maven,
	author="Apache Maven Proyect",
	title="Apache Maven Proyect",
	year="2019",
	url="https://maven.apache.org/",
	note="[Internet; descargado 28-junio-2019]"
}

@misc{wiki:glassfish,
	author="Wikipedia",
	title="GlassFish",
	year="2019",
	url="https://es.wikipedia.org/wiki/GlassFish",
	note="[Internet; descargado 28-junio-2019]"
}

@misc{wiki:eclipse,
	author="Wikipedia",
	title="Git",
	year="2019",
	url="https://es.wikipedia.org/wiki/Git",
	note="[Internet; descargado 28-junio-2019]"
}

@misc{wiki:git,
	author="Wikipedia",
	title="Eclipse (Software)",
	year="2019",
	url="https://es.wikipedia.org/wiki/Eclipse_(software)",
	note="[Internet; descargado 28-junio-2019]"
}

@misc{wiki:texmaker,
	author="Wikipedia",
	title="Texmaker",
	year="2019",
	url="https://es.wikipedia.org/wiki/Texmaker",
	note="[Internet; descargado 28-junio-2019]"
}

@misc{wiki:astah,
	author="Wikipedia",
	title="Astah*",
	year="2019",
	url="https://en.wikipedia.org/wiki/Astah*",
	note="[Internet; descargado 28-junio-2019]"
}

@misc{wiki:pencil,
	author="Pencil Project",
	title="Pencil Project*",
	year="2019",
	url="https://pencil.evolus.vn/",
	note="[Internet; descargado 28-junio-2019]"
}

@misc{wiki:hamachi,
	author="LogMeIn Hamachi",
	title="LogMeIn Hamachi",
	year="2019",
	url="https://www.vpn.net/",
	note="[Internet; descargado 01-septiembre-2019]"
}

@misc{wiki:haguichi,
	author="Haguichi",
	title="Haguichi",
	year="2019",
	url="https://www.haguichi.net/",
	note="[Internet; descargado 01-septiembre-2019]"
}

@misc{wiki:googlemapsapi,
	author="Google Maps",
	title="Google Maps Platform - Documentation",
	year="2019",
	url="https://developers.google.com/places/web-service/details",
	note="[Internet; descargdo 03-septiembre-2019]"
}

@misc{wiki:openstreetmaps,
	author="Open Street Maps",
	title="Open Street Maps",
	year="2019",
	url="https://www.openstreetmap.org/about",
	note="[Internet; descargado 03-septiembre-2019]"}

@article{bortolot2005,
  title={Estimating forest biomass using small footprint LiDAR data: An individual tree-based approach that incorporates training data},
  author={Bortolot, Zachary J and Wynne, Randolph H},
  journal={ISPRS Journal of Photogrammetry and Remote Sensing},
  volume={59},
  number={6},
  pages={342--360},
  year={2005},
  publisher={Elsevier}
}

@article{grpV1,
	author = {Íñigo Vázquez Gómez, Roberto Villuela Uzquiza},
	title = {Generación de Rutas Turísticas Personalizadas},
	year = {2013}
}

@article{grpV2,
	author = {Alejandro Cuevas Álvarez},
	title = {Ampliación de la Aplicación para la Generación de Rutas Turísticas Personalizadas},
	year = {2014}
}

@article{op,
	author={Aldy Gunawan, Hoong Chuin Lau, Pieter Vansteenwegen},
	title = {Orienteering Problem: A survey of recent variants, solution approaches
and applications},
	year ={2016},
	publisher = {Elsevier}
}

@article{optw,
	author={Aldy Gunawan, Hoong Chuin Lau, Pieter Vansteenwegen},
	title = {Orienteering Problem: A survey of recent variants, solution approaches
and applications},
	pages={4},
	year ={2016},
	publisher = {Elsevier}
}
